@book{Iliadis2015,
	author = "Christian Iliadis",
	title = "Nuclear Physics of Stars",
	edition = "2nd",
	publisher = "Wiley-VCH",
	year = "2015",
	address = "Weinheim"
}

@article{Giovanetti2024,
	author = "Cara Giovanetti and Mariangela Lisanti and Hongwan Liu and Siddharth Mishra-Sharma and Joshua T. Ruderman",
	title = "{``LINX: A Fast, Differentiable, and Extensible Big Bang Nucleosynthesis Package''}",
	eprint = "2408.14538",
	archivePrefix = "arXiv",
	primaryClass = "astro-ph.CO",
	year = "2024"
}

@article{Pisanti2021,
	author = "Ofelia Pisanti and Gianpiero Mangano and Gennaro Miele and Pierpaolo Mazzela",
	title = "{``Primordial Deuterium after LUNA: concordances and error budges''}",
	journal = "JCAP",
	volume = "04",
	pages = "020",
	eprint = "2011.11537",
	archivePrefix = "arXiv",
	primaryClass = "astro-ph.CO",
	year = "2021"
}

@article{Inesta2017,
	author = "{\'A}. {I\~nesta G\'omez} and C. Iliadis and A. Coc",
	title = "{``Bayesian estimation of thermonuclear reaction rates for deuterium+deuterium reactions''}",
	journal = "ApJ",
	volume = "849",
	pages = "134",
	year = "2017",
	eprint = "1710.01647",
	archivePrefix = "arXiv",
	primaryClass = "astro-ph.IM"
}

@article{Moscoso2021,
	author = "Joseph Moscoso and Rafael S. {de Souza} and Alain Coc and Christian Iliadis",
	title = "{``Bayesian estimation of the D($p$,$\gamma$)$^3$He thermonuclear reaction rate''}",
	journal = "ApJ",
	volume = "923", 
	pages = "49", 
	year = "2021", 
	eprint = "2109.00049",
	archivePrefix = "arXiv", 
	primaryClass = "astro-ph.CO
}

@article{Arai2011,
	author = "K. Arai and S. Aoyama and Y. Suzuki and P. Descouvemont and D. Baye",
	title = "{``Tensor force manifestations in \textit{ab initio} study of the $^2$H($d$,$\gamma$)$^4$He, $^2$H($d$,$p$)$^3$H, and $^2$H($d$,$n$)$^3$He reactions''}",
	journal = "Phys. Rev. Lett.",
	volume = "107",
	pages = "132502"
}

@article{Marcucci2016, 
	author = "L. E. Marcucci and G. Mangano and A. Kievsky and M. Viviani",
	title = "{``Implication of the proton-deuteron radiative capture for Big Bang nucleosynthesis''}",
	journal = "PRL", 
	volume = "116", 
	pages = "102501", 
	year = "2016",
	eprint = "1510.07877",
	archivePrefix = "arXiv", 
	primaryClass = "nucl-th"
}

@book{Rasmussen2006,
	author = "Carl Edward Rasmussen and Christopher K. I. Williams",
	title = "Gaussian Processes for Machine Learning",
	publisher = "MIT Press",
	address = "Cambridge, MA",
	year = "2006"
}

@article{Pitrou2018,
	author = "Cyril Pitrou and Alain Coc and Jean-Philippe Uzan and Elisabeth Vangioni",
	title = "{``Precision big bang nucleosynthesis with improved Helium-4 predictions''}",
	journal = "Phys. Rept.",
	volume = "754",
	pages = "1-66",
	year = "2018",
	eprint = "1801.08023",
	archivePrefix = "arXiv",
	primaryClass = "astro-ph.CO"
}

@article{Gariazzo2022,
	author = "S. Gariazzo and P.F. {de Salas} and O. Pisanti and R. Consiglio",
	title = "{``PArthENoPE revolutions''}",
	journal = "Computer Physics Communications",
	volume = "271", 
	pages = "108205",
	year = "2022",
	eprint = "2103.05027",
	archivePrefix = "arXiv",
	primaryClass = "astro-ph.IM"
}

@article{Kingma2017,
	author = "Diederik P. Kingma and Jimmy Ba",
	title = "{``Adam: a method for stochastic optimization''}",
	year = "2017",
	eprint = "1412.6980",
	archivePrefix = "arXiv",
	primaryClass = "cs.LG"
}

@article{Brown1990,
	author = "Ronald E. Brown and Nelson Jarmie",
	title = "{``Differential cross sections at low energies for $^2$H($d$,$p$)$^3$H and $^2$H($d$,$n$)$^3$He''}",
	journal = "Phys. Rev. C",
	volume = "41",
	issue = "4", 
	pages = "1391-1400",
	year = "1990", 
	month = "Apr"
}

@article{Greife1995,
	author = "U. Greife and F. Gorris and M. Junker and C. Rolfs and D. Zahnow",
	title = "{``Oppenheimer-Phillips effect and electron screening in $d$+$d$ fusion reactions''}",
	journal = "Z. Phys. A",
	volume = "351", 
	pages = "107-112",
	year = "1995"
}

@article{Krauss1987,
	author = "A. Krauss and H. W. Becker and H. P. Trautvetter and C. Rolfs",
	title = "{``Low-energy fusion cross sections of $d$+$d$ and $d$+$^3$He reactions''}",
	journal = "Nucl. Phys. A",
	volume = "465",
	pages = "150-172",
	year = "1987"
}

@article{Leonard2006,
	author = "D. S. Leonard and H. J. Karwowski and C. R. Brune and B. M. Fisher and E. J. Ludwig",
	title = "{``Precision measurements of $^2$H($d$,$p$)$^3$He and $^2$H($d$,$n$)$^3$He total cross sections at Big-Bang nucleosynthesis energies''}",
	journal = "Phys. Rev. C",
	volume = "73",
	pages = "045801",
	year = "2006"
}

@article{McNeill1951,
	author = "K. G. McNeill and G. M. Keyser",
	title = "{``The relative probabilities and absolute cross sections of the D-D reactions''}", 
	journal = "Phys. Rev.",
	volume = "81",
	pages = "602",
	year = "1951"
}

@article(RG1985,
	author = "{First Research Group}",
	journal = "Chin. J. Nucl. High Energy Phys.",
	volume = "9",
	pages = "723",
	year = "1985"
}

@article{Schulte1972,
	author = "R. L. Schulte and M. Cosack and A. W. Obst and J. L. Weil",
	title = "{``\,$^2$H+d reactions from 1.96 to 6.20 MeV''}",
	journal = "Nucl. Phys. A",
	volume = "192",
	pages = "609-624",
	year = "1972"
}

@article{Tumino2014,
	author = "Tumino, A. and Spart√†, R. and Spitaleri, C. and Mukhamedzhanov, A. M. and Typel, S. and Pizzone, R. G. and Tognelli, E. and Degl'Innocenti, S. and Burjan, V. and Kroha, V. and Hons, Z. and La Cognata, M. and Lamia, L. and Mrazek, J. and Piskor, S. and Prada Moroni, P. G. and Rapisarda, G. G. and Romano, S. and Sergi, M. L.",
	title = "{``New determination of the $^2$H($d$,$p$)$^3$H and $^2$H($d$,$n$)$^3$He reaction rates at astrophysical energies''}",
	journal = "ApJ",
	volume = "785",
	pages = "96",
	year = "2014"
}

@article{Casella2002,
	author = "C. {Casella \textit{et al.}}",
	title = "{``First measurement of the $d$($p$,$\gamma$)$^3$He cross section down to the solar Gamow peak''}",
	journal = "Nucl. Phys. A",
	volume = "706",
	pages = "203-216",
	year = "2002"
}

@article{Geller1967,
	author = "K. N. Geller and E. G. Muirhead",
	title = "{``The $^2$H($p$,$\gamma$)$^3$He reaction at the breakup threshold''}",
	journal = "Nucl. Phys. A",
	pages = "397-400",
	year = "1967"
}

@article{Griffiths1962, 
	author = "G. M. Griffiths and E. A. Larson and L. P. Robertson",
	title = "{``The capture of protons by deuterons''}",
	journal = "Can. J. Phys.",
	volume = "40", 
	issue = "4", 
	pages = "402-411",
	year = "1962"
}

@article{Griffiths1963,
	author = "G. M. Griffiths and M. Lal and C. D. Scarfe",
	title = "{``The reaction D($p$,$\gamma$)He$^3$ below 50 keV''}",
	journal = "Can. J. Phys.",
	volume = "41", 
	issue = "5", 
	pages = "724-736",
	year = "1963"
}

@article{Mossa2020,
	author = "V. {Mossa \textit{et al.}}", 
	title = "{``The baryon density of the Universe from an improved rate of deuterium burning''}",
	journal = "Nature",
	volume = "587",
	pages = "210-213",
	year = "2020"
}

@article{Ma1997,
	author = "L. Ma and H. J. Karwowski and C. R. Brune and Z. Ayer and T. C. Black and J. C. Blackmon and E. J. Ludwig",
	title = "{``Measurements of $^1$H($d$,$\gamma$)$^3$He and $^2$H($p$,$\gamma$)$^3$He at very low energies''}",
	journal = "Phys. Rev. C",
	volume = "55",
	pages = "588-596",
	year = "1997"
}

@article{Schmid1995,
	author = "G. J. Schmid and R. M. Chasteler and C. M. Laymon and H. R. Weller",
	title = "{``Polarized proton capture by deuterium and the $^2$H($p$,$\gamma$)$^3$He astrophysical \textit{S} factor''}",
	journal = "Phys. Rev. C",
	volume = "52",
	issue = "4", 
	pages = "R1732-R1735",
	year = "1995"
}

@article{Schmid1996,
	author = "G. J. {Schmid \textit{et al.}}",
	title = "{``Effects of non-nucleonic degrees of freedom in the $d$($p$,$\gamma$)$^3$He and $p$($d$,$\gamma$)$^3$He reactions''}",
	journal = "PRL",
	volume = "76", 
	issue = "17", 
	pages = "3088-3091",
	year = "1996"
}

@article{Schmid1997, 
	author = "G. J. {Schmid \textit{et al.}}",
	title = "{``The $^2$H($p$,$\gamma$)$^3$He and $^1$H($d$,$\gamma$)$^3$He reactions below 80 keV''}",
	journal = "Phys. Rev. C",
	volume = "56", 
	issue = "5",
	pages = "2565-2581",
	year = "1997"
}

@article{Warren1963, 
	author = "J. B. Warren and K. L. Erdman and L. P. Robertson and D. A. Axen and J. R. Macdonald",
	title = "{``Photodisintegration of He$^3$ near the threshold''}",
	journal = "Phys. Rev.",
	volume = "132",
	issue = "4", 
	pages = "1691-1692",
	year = "1963"
}

@article{Turkat2021,
	author = "S. {Turkat \textit{et al.}}",
	title = "{``Measurement of the $^2$H($p$,$\gamma$)$^3$He \textit{S} factor at 265-1094 keV''}",
	journal = "Phys. Rev. C",
	volume = "103", 
	pages = "045805",
	year = "2021", 
	eprint = "2104.06914",
	archivePrefix = "arXiv", 
	primaryClass = "nucl-ex"
}
	